1843 2354
147 792 405 848 pinacothecae
425 812 659 859 Neapolitanae
681 815 872 860 descriptio,
902 826 992 859 quam
1019 814 1149 848 exbibet
1175 816 1207 847 in
1229 813 1378 848 leonibus
1400 812 1611 846 Philostratus

148 870 182 898 et
204 866 276 898 oliin
297 871 331 899 et
351 870 461 899 nostra
482 872 587 900 aetate
613 870 712 901 variis
734 869 978 901 dubitationibus
1000 869 1139 901 obnoxia
1165 868 1233 900 fuit.
1282 867 1394 900 Veluti
1424 876 1482 909 per
1503 865 1610 898 olima-

148 927 217 950 cem
237 918 434 951 ascendimus
455 930 475 951 a
496 921 671 962 rejectione
693 920 735 953 ad
755 920 849 954 fidem
870 923 1093 954 inconcussam.
1146 921 1275 963 Rejecit
1294 921 1376 952 enim
1405 919 1463 951 lias
1485 920 1609 963 ἐκφρά-

148 982 236 1009 σεις,
268 980 370 1013 iieque
398 981 457 1015 pro
479 973 567 1004 veris
588 973 752 1015 imaginum
766 972 1036 1017 ‘descriptionibus
1061 972 1169 1005 babuit
1191 972 1264 1005 olim
1285 971 1409 1015 Gaylns
1435 970 1482 1011 ¹),
1516 970 1612 1002 obse-

149 1023 314 1064 quentibus
343 1023 440 1057 facile
468 1024 602 1058 Klotzio
629 1025 659 1066 ²)
691 1030 724 1059 et
755 1026 964 1069 Hagedornio
991 1026 1031 1066 ⁸).
1088 1025 1202 1068 Longe
1231 1028 1370 1057 remotus
1398 1034 1418 1055 a
1447 1021 1612 1055 damnandi

147 1077 339 1115 temeritate,
362 1077 421 1109 sed
442 1079 597 1117 incertus,
619 1082 719 1110 uti-am
739 1080 771 1110 in
792 1080 914 1120 pai-tem
935 1070 1147 1117 decerneret,'
1171 1078 1232 1110 suit
1252 1078 1415 1118 Bauius,
1437 1077 1489 1119 qui
1510 1075 1614 1107 inultis

147 1124 368 1158 Prfflusionum
397 1126 644 1160 academicorum
675 1125 800 1171 paginis
830 1138 887 1161 eas
917 1128 1109 1171 explicabat.
1165 1126 1226 1166 Qui
1258 1137 1350 1170 quum
1380 1128 1446 1158 ait=
1462 1131 1464 1133 ’
1479 1126 1612 1167 „quaeri

147 1180 271 1220 potest,
292 1188 413 1212 verene
435 1180 497 1212 ista
516 1181 673 1223 porticus,
695 1179 822 1223 publica
837 1191 876 1213 an
893 1181 1037 1223 privata,
1060 1183 1093 1212 et
1113 1189 1235 1213 verene
1256 1181 1317 1212 iste
1339 1178 1512 1211 tabularum
1535 1176 1613 1209 ordo

146 1232 179 1263 iii
200 1230 257 1263 illa
277 1233 439 1265 extiterit:
470 1243 531 1275 qua
552 1232 593 1266 de
615 1243 652 1266 re
672 1232 808 1265 nondum
829 1232 991 1273 babemus,
1023 1231 1105 1274 quod
1127 1234 1159 1265 in
1181 1232 1364 1265 alterutram
1385 1234 1506 1275 partein
1523 1229 1611 1273 judi-

148 1283 229 1314 ciuin
249 1284 402 1317 inclinet“
424 1285 452 1324 ⁴)
474 1295 537 1317 non
557 1287 754 1325 meminerat,
777 1295 859 1328 quae
882 1287 952 1329 ipse
972 1285 1126 1328 legisset3
1158 1289 1267 1317 narrat
1287 1286 1369 1317 enim
1389 1285 1541 1326 scriptor,
1563 1284 1611 1314 in-

147 1338 262 1368 veutas
283 1346 303 1367 a
321 1345 357 1368 se
378 1335 451 1368 illas
472 1339 621 1379 imagines
642 1340 674 1371 in
696 1338 789 1371 domo
809 1340 936 1382 privata
957 1338 1108 1382 hospitis,
1137 1337 1313 1370 tabularum
1341 1341 1441 1380 autom
1470 1334 1609 1368 ordinem

148 1389 180 1419 in
200 1388 282 1420 libro
304 1389 398 1421 alium
418 1390 587 1431 antiquitus
605 1390 723 1428 fuisse,
755 1393 832 1422 satis
855 1393 1058 1432 cognoscitur
1079 1401 1123 1423 ex
1144 1391 1252 1423 vei-h-
1273 1390 1307 1430 Ι,
1332 1392 1389 1429 17,
1418 1389 1472 1421 ubi
1492 1391 1527 1419 ut
1544 1389 1610 1429 jani

147 1439 252 1472 lectae
274 1439 511 1483 descriptionis,
532 1441 564 1480 1,
587 1442 631 1472 30
653 1441 862 1474 admonemur.
914 1442 1003 1474 Alibi
1025 1443 1135 1474 scribit
1163 1442 1329 1481 „oninium
1350 1442 1378 1471 si
1399 1440 1610 1472 Philostratus

147 1502 255 1524 veram
276 1492 413 1524 tabulam
436 1497 510 1525 ante
534 1493 645 1526 oeulos
667 1494 792 1535 habuit,
825 1494 961 1527 dubitari
990 1498 1112 1538 potest,
1144 1504 1184 1525 an
1207 1496 1294 1526 recte
1317 1491 1447 1524 Comum
1469 1491 1613 1524 exhiberi

149 1546 334 1577 censuerit“
355 1545 393 1586 ὅ).
437 1545 523 1578 Tota
535 1549 655 1587 tamen,
677 1556 766 1590 quam
788 1549 821 1579 in
841 1546 904 1580 lioc
917 1547 999 1580 libro
1021 1548 1141 1590 posuit,
1162 1555 1262 1589 opera
1283 1544 1325 1577 ad
1345 1544 1437 1577 finem
1458 1543 1610 1587 perducta

203 1666 234 1697 1)
269 1666 355 1700 Caylus
373 1667 431 1693 Hist.
449 1667 480 1693 de
498 1667 512 1693 1’
519 1668 585 1694 acad.
602 1668 644 1695 des
661 1670 732 1695 inser.
749 1669 776 1695 T.
796 1669 837 1695 29.
855 1676 878 1702 p.
899 1670 957 1695 156.

203 1721 233 1754 2)
268 1722 294 1748 ln
312 1722 459 1755 praefatione
476 1723 541 1758 Cayli
558 1724 765 1751 Dissertationibns
783 1725 813 1752 ad
831 1725 951 1752 historiam
969 1727 994 1751 et
1011 1724 1041 1751 ad
1058 1726 1132 1750 artem
1150 1723 1309 1757 spectantibus
1328 1724 1351 1748 iii
1369 1721 1518 1748 vernaculum
1537 1722 1612 1746 vei-sis

272 1769 390 1802 praefixa,
409 1770 474 1796 Toin.
494 1771 518 1796 2.

203 1823 234 1854 3)
270 1823 304 1851 cr*
323 1824 510 1857 Betracbtungen
528 1826 588 1851 iiber
606 1826 644 1852 die
662 1827 759 1852 Malerei
782 1834 806 1860 p.
826 1828 890 1859 174,
917 1827 957 1852 ubi
981 1828 1027 1852 ait:
1066 1826 1149 1859 „Funs
1169 1825 1217 1850 und
1239 1824 1351 1850 meliri-al
1374 1823 1541 1854 verviclffltigt
1564 1822 1613 1847 sicli

271 1868 367 1895 Merinu-
384 1871 408 1895 in
425 1871 491 1896 einer
508 1870 649 1905 Schilderei,
674 1872 764 1899 welche
782 1872 934 1899 Philostratus
951 1873 1095 1905 wenigstens
1111 1871 1149 1896 fiii·
1165 1868 1357 1896 wahrsobeiiilioii
1373 1869 1497 1900 aiinimmt,
1516 1867 1570 1892 weil
1587 1873 1613 1892 er

272 1916 307 1940 sie
331 1915 370 1940 fiir
393 1916 509 1942 wabriiat't
531 1917 665 1949 ausgiebt.“
714 1919 751 1944 Ao
777 1925 836 1944 sane
859 1919 897 1944 Fr.
922 1918 1071 1944 Tbiersoliius
1097 1919 1121 1942 in
1147 1917 1288 1941 recensione
1313 1914 1421 1940 editionis
1446 1913 1611 1943 Jacobsianae,

272 1959 405 1986 Kunstblatt
424 1960 499 1986 ¹827.
517 1969 541 1994 p.
561 1962 603 1988 69.
621 1970 665 1988 sex
682 1970 767 1990 scenas
784 1964 844 1990 iliius
861 1965 968 1996 imaginis
986 1970 1040 1989 esse
1057 1962 1182 1989 arbitratus
1200 1963 1243 1987 est

202 2004 234 2044 Αι)
270 2014 353 2049 lleyuii
370 2015 458 2049 opusc.
478 2017 545 2044 acad.
564 2018 591 2045 V.
608 2025 632 2052 p.
652 2019 692 2045 ¹5.

202 2068 234 2099 5)
269 2068 403 2103 1d.p.28.
